<?xml version="1.0" encoding="UTF-8"?><collection xmlns="http://www.loc.gov/MARC21/slim"><record><leader>00379nam--2200133-i-4500</leader><controlfield tag="001">000017437</controlfield><controlfield tag="002">20161230</controlfield><controlfield tag="005">20161230201032</controlfield><controlfield tag="008">060222s1000------------r-----000-0-eng-d</controlfield><datafield ind1=" " ind2=" " tag="100"><subfield code="a">Bouma, P.J</subfield></datafield><datafield ind1=" " ind2=" " tag="245"><subfield code="a">Grundlinien einer allgemeinen theorie der farbenmetrik. i-iii</subfield></datafield><datafield ind1=" " ind2=" " tag="260"><subfield code="a">Amsterdam, Akad. Wettenschappen, 1935</subfield></datafield><datafield ind1=" " ind2=" " tag="490"><subfield code="a">Vol. 3 In Colabortare Cu G.Heller</subfield></datafield><datafield ind1=" " ind2=" " tag="852"><subfield code="a">3810</subfield></datafield></record></collection>